@BOOK{DUMMY:1,
AUTHOR="John Doe",
TITLE="The Book without Title",
PUBLISHER="Dummy Publisher",
YEAR="2100",
}



@misc{mesh,
	author = {Ram Ramnathan},
	title = {{SimpleLink Bluetooth® low energy CC2640R2F}},
	howpublished = "\url{https://inthemesh.com/archive/understanding-mesh-networking-part-i/}",
	year = {2018}, 
	note = "[Online; accessed 29-Oct-2018]"
}



@misc{tisimplelink,
	author = {Texas Instruments},
	title = {{SimpleLink Bluetooth® low energy CC2640R2F}},
	howpublished = "\url{http://www.ti.com/tool/launchxl-cc2640r2}",
	year = {2018}, 
	note = "[Online; accessed 16-Oct-2018]"
}




@misc{tisimplelinkplugin,
	author = {Texas Instruments},
	title = {{Sensor and Actuator Plug-ins for SimpleLink}},
	howpublished = "\url{http://www.ti.com/tool/simplelink-sdk-sensor-actuator-plugin}",
	year = {2018}, 
	note = "[Online; accessed 16-Oct-2018]"
}


@misc{zigbee,
	author = {Digi},
	title = {{Sensor and Actuator Plug-ins for SimpleLink}},
	howpublished = "\url{Digi XBee3 ZigBee Mesh Kit}",
	year = {2018}, 
	note = "[Online; accessed 16-Oct-2018]"
}


@misc{kionix,
	author = {Kionix},
	title = {{Iot Evaluation and Development Kit}},
	howpublished = "\url{https://www.kionix.com/iot-evaluation-and-development-kit}",
	year = {2018}, 
	note = "[Online; accessed 17-Oct-2018]"
}

@misc{kionix1,
	author = {Kionix},
	title = {{Kionix, “Kionix IoT Evaluation Kit Version 1.3.4}},
	howpublished = "\url{https://github.com/RohmSemiconductor/Kionix-IoT-Evaluation-Kit/releases/tag/v1.3.4}",
	year = {2018}, 
	note = "[Online; accessed 25-Oct-2018]"
}

@misc{kionix2,
author = {Kionix},
title = {{Kionix, “KX122-1037}},
howpublished = "\url{https://www.kionix.com/product/KX122-1037}",
year = {2018}, 
note = "[Online; accessed 25-Oct-2018]"
}

@misc{nordic,
	author = {Nordic Semicondcutor},
	title = {{Development Kit for the nRF52840 SoC}},
	howpublished = "\url{https://www.nordicsemi.com/Software-and-Tools/Development-Kits/nRF52840-DK }",
	year = {2018}, 
	note = "[Online; accessed 2-Dec-2018]"
}

@misc{nordic1,
	author = {Nordic Semicondcutor},
	title = {{RF52840}},
	howpublished = "\url{https://www.nordicsemi.com/Products/Low-power-short-range-wireless/nRF52840 }",
	year = {2018}, 
	note = "[Online; accessed 2-Dec-2018]"
}



@misc{nordic2,
	author = {Nordic Semicondcutor},
	title = {{Bluetooth 5 Central and Peripheral protocol stack}},
	howpublished = "\url{https://www.nordicsemi.com/Software-and-Tools/Software/S140 }",
	year = {2018}, 
	note = "[Online; accessed 2-Dec-2018]"
}


@misc{nordic3,
	author = {Nordic Semicondcutor},
	title = {{nRF5 SDK for Mesh}},
	howpublished = "\url{https://www.nordicsemi.com/Software-and-Tools/Software/nRF5-SDK-for-Mesh }",
	year = {2018}, 
	note = "[Online; accessed 2-Dec-2018]"
}